%YAML 1.1
%TAG !u! tag:unity3d.com,2011:
--- !u!1 &6670432511914565274
GameObject:
  m_ObjectHideFlags: 0
  m_CorrespondingSourceObject: {fileID: 0}
  m_PrefabInstance: {fileID: 0}
  m_PrefabAsset: {fileID: 0}
  serializedVersion: 6
  m_Component:
  - component: {fileID: 6690654241288195268}
  - component: {fileID: 4302647413098716260}
  - component: {fileID: 585134610329103032}
  m_Layer: 5
  m_Name: Cover
  m_TagString: Untagged
  m_Icon: {fileID: 0}
  m_NavMeshLayer: 0
  m_StaticEditorFlags: 0
  m_IsActive: 1
--- !u!224 &6690654241288195268
RectTransform:
  m_ObjectHideFlags: 0
  m_CorrespondingSourceObject: {fileID: 0}
  m_PrefabInstance: {fileID: 0}
  m_PrefabAsset: {fileID: 0}
  m_GameObject: {fileID: 6670432511914565274}
  m_LocalRotation: {x: 0, y: 0, z: 0, w: 1}
  m_LocalPosition: {x: 0, y: 0, z: 0}
  m_LocalScale: {x: 1, y: 1, z: 1}
  m_ConstrainProportionsScale: 0
  m_Children: []
  m_Father: {fileID: 3873262048876149311}
  m_RootOrder: -1
  m_LocalEulerAnglesHint: {x: 0, y: 0, z: 0}
  m_AnchorMin: {x: 0, y: 0}
  m_AnchorMax: {x: 1, y: 1}
  m_AnchoredPosition: {x: 0, y: 0}
  m_SizeDelta: {x: 0, y: 0}
  m_Pivot: {x: 0.5, y: 0.5}
--- !u!222 &4302647413098716260
CanvasRenderer:
  m_ObjectHideFlags: 0
  m_CorrespondingSourceObject: {fileID: 0}
  m_PrefabInstance: {fileID: 0}
  m_PrefabAsset: {fileID: 0}
  m_GameObject: {fileID: 6670432511914565274}
  m_CullTransparentMesh: 1
--- !u!114 &585134610329103032
MonoBehaviour:
  m_ObjectHideFlags: 0
  m_CorrespondingSourceObject: {fileID: 0}
  m_PrefabInstance: {fileID: 0}
  m_PrefabAsset: {fileID: 0}
  m_GameObject: {fileID: 6670432511914565274}
  m_Enabled: 1
  m_EditorHideFlags: 0
  m_Script: {fileID: 11500000, guid: fe87c0e1cc204ed48ad3b37840f39efc, type: 3}
  m_Name: 
  m_EditorClassIdentifier: 
  m_Material: {fileID: 0}
  m_Color: {r: 1, g: 1, b: 1, a: 0}
  m_RaycastTarget: 1
  m_RaycastPadding: {x: 0, y: 0, z: 0, w: 0}
  m_Maskable: 1
  m_OnCullStateChanged:
    m_PersistentCalls:
      m_Calls: []
  m_Sprite: {fileID: 10907, guid: 0000000000000000f000000000000000, type: 0}
  m_Type: 1
  m_PreserveAspect: 0
  m_FillCenter: 1
  m_FillMethod: 4
  m_FillAmount: 1
  m_FillClockwise: 1
  m_FillOrigin: 0
  m_UseSpriteMesh: 0
  m_PixelsPerUnitMultiplier: 1
--- !u!1 &8557837397736921901
GameObject:
  m_ObjectHideFlags: 0
  m_CorrespondingSourceObject: {fileID: 0}
  m_PrefabInstance: {fileID: 0}
  m_PrefabAsset: {fileID: 0}
  serializedVersion: 6
  m_Component:
  - component: {fileID: 5526178397881745375}
  - component: {fileID: 4132769386903576361}
  - component: {fileID: 2876648331537704975}
  - component: {fileID: 8767544672202905699}
  m_Layer: 5
  m_Name: Panel (2)
  m_TagString: Untagged
  m_Icon: {fileID: 0}
  m_NavMeshLayer: 0
  m_StaticEditorFlags: 0
  m_IsActive: 1
--- !u!224 &5526178397881745375
RectTransform:
  m_ObjectHideFlags: 0
  m_CorrespondingSourceObject: {fileID: 0}
  m_PrefabInstance: {fileID: 0}
  m_PrefabAsset: {fileID: 0}
  m_GameObject: {fileID: 8557837397736921901}
  m_LocalRotation: {x: 0, y: 0, z: 0, w: 1}
  m_LocalPosition: {x: 0, y: 0, z: 0}
  m_LocalScale: {x: 1, y: 1, z: 1}
  m_ConstrainProportionsScale: 0
  m_Children: []
  m_Father: {fileID: 3873262048876149311}
  m_RootOrder: -1
  m_LocalEulerAnglesHint: {x: 0, y: 0, z: 0}
  m_AnchorMin: {x: 0, y: 0}
  m_AnchorMax: {x: 1, y: 1}
  m_AnchoredPosition: {x: -16.844727, y: 499.28}
  m_SizeDelta: {x: -458.1764, y: -998.57}
  m_Pivot: {x: 0.5, y: 0.5}
--- !u!222 &4132769386903576361
CanvasRenderer:
  m_ObjectHideFlags: 0
  m_CorrespondingSourceObject: {fileID: 0}
  m_PrefabInstance: {fileID: 0}
  m_PrefabAsset: {fileID: 0}
  m_GameObject: {fileID: 8557837397736921901}
  m_CullTransparentMesh: 1
--- !u!114 &2876648331537704975
MonoBehaviour:
  m_ObjectHideFlags: 0
  m_CorrespondingSourceObject: {fileID: 0}
  m_PrefabInstance: {fileID: 0}
  m_PrefabAsset: {fileID: 0}
  m_GameObject: {fileID: 8557837397736921901}
  m_Enabled: 1
  m_EditorHideFlags: 0
  m_Script: {fileID: 11500000, guid: fe87c0e1cc204ed48ad3b37840f39efc, type: 3}
  m_Name: 
  m_EditorClassIdentifier: 
  m_Material: {fileID: 0}
  m_Color: {r: 0, g: 0, b: 0, a: 0.392}
  m_RaycastTarget: 1
  m_RaycastPadding: {x: 0, y: 0, z: 0, w: 0}
  m_Maskable: 1
  m_OnCullStateChanged:
    m_PersistentCalls:
      m_Calls: []
  m_Sprite: {fileID: 21300000, guid: ccd7ae34ad9374c4da6eef3b9651f2f5, type: 3}
  m_Type: 0
  m_PreserveAspect: 0
  m_FillCenter: 1
  m_FillMethod: 4
  m_FillAmount: 1
  m_FillClockwise: 1
  m_FillOrigin: 0
  m_UseSpriteMesh: 0
  m_PixelsPerUnitMultiplier: 1
--- !u!114 &8767544672202905699
MonoBehaviour:
  m_ObjectHideFlags: 0
  m_CorrespondingSourceObject: {fileID: 0}
  m_PrefabInstance: {fileID: 0}
  m_PrefabAsset: {fileID: 0}
  m_GameObject: {fileID: 8557837397736921901}
  m_Enabled: 1
  m_EditorHideFlags: 0
  m_Script: {fileID: 11500000, guid: 30649d3a9faa99c48a7b1166b86bf2a0, type: 3}
  m_Name: 
  m_EditorClassIdentifier: 
  m_Padding:
    m_Left: 0
    m_Right: 0
    m_Top: 0
    m_Bottom: 0
  m_ChildAlignment: 1
  m_Spacing: 0
  m_ChildForceExpandWidth: 1
  m_ChildForceExpandHeight: 1
  m_ChildControlWidth: 0
  m_ChildControlHeight: 0
  m_ChildScaleWidth: 0
  m_ChildScaleHeight: 0
  m_ReverseArrangement: 0
--- !u!1001 &8783017989152611009
PrefabInstance:
  m_ObjectHideFlags: 0
  serializedVersion: 2
  m_Modification:
    serializedVersion: 2
    m_TransformParent: {fileID: 0}
    m_Modifications:
    - target: {fileID: 11163754806172771, guid: cce7cc57046111845837fb817d87d28a, type: 3}
      propertyPath: m_OnClick.m_PersistentCalls.m_Calls.Array.data[0].m_Target
      value: 
      objectReference: {fileID: 606010784300254700}
    - target: {fileID: 11163754806172771, guid: cce7cc57046111845837fb817d87d28a, type: 3}
      propertyPath: m_OnClick.m_PersistentCalls.m_Calls.Array.data[0].m_MethodName
      value: MovePage
      objectReference: {fileID: 0}
    - target: {fileID: 11163754806172771, guid: cce7cc57046111845837fb817d87d28a, type: 3}
      propertyPath: m_OnClick.m_PersistentCalls.m_Calls.Array.data[0].m_TargetAssemblyTypeName
      value: FactBoardPanel, Assembly-CSharp
      objectReference: {fileID: 0}
    - target: {fileID: 25835836302779232, guid: cce7cc57046111845837fb817d87d28a, type: 3}
      propertyPath: m_IsActive
      value: 1
      objectReference: {fileID: 0}
    - target: {fileID: 441304728003679419, guid: cce7cc57046111845837fb817d87d28a, type: 3}
      propertyPath: m_Color.a
      value: 1
      objectReference: {fileID: 0}
    - target: {fileID: 441304728003679419, guid: cce7cc57046111845837fb817d87d28a, type: 3}
      propertyPath: m_Color.b
      value: 0
      objectReference: {fileID: 0}
    - target: {fileID: 441304728003679419, guid: cce7cc57046111845837fb817d87d28a, type: 3}
      propertyPath: m_Color.g
      value: 0
      objectReference: {fileID: 0}
    - target: {fileID: 441304728003679419, guid: cce7cc57046111845837fb817d87d28a, type: 3}
      propertyPath: m_Color.r
      value: 0
      objectReference: {fileID: 0}
    - target: {fileID: 1068895761688137960, guid: cce7cc57046111845837fb817d87d28a, type: 3}
      propertyPath: m_Text
      value: '>'
      objectReference: {fileID: 0}
    - target: {fileID: 1068895761688137960, guid: cce7cc57046111845837fb817d87d28a, type: 3}
      propertyPath: m_FontData.m_FontSize
      value: 36
      objectReference: {fileID: 0}
    - target: {fileID: 1375381468412687755, guid: cce7cc57046111845837fb817d87d28a, type: 3}
      propertyPath: m_text
      value: .
      objectReference: {fileID: 0}
    - target: {fileID: 1586080580867963782, guid: cce7cc57046111845837fb817d87d28a, type: 3}
      propertyPath: m_text
      value: Are you sure you want to exit the fact board?
      objectReference: {fileID: 0}
    - target: {fileID: 2468720073132554570, guid: cce7cc57046111845837fb817d87d28a, type: 3}
      propertyPath: m_Sprite
      value: 
      objectReference: {fileID: 21300000, guid: c5537740b533c2e49b5a085bfcd29e67, type: 3}
    - target: {fileID: 2924948798620742914, guid: cce7cc57046111845837fb817d87d28a, type: 3}
      propertyPath: m_FontData.m_MinSize
      value: 3
      objectReference: {fileID: 0}
    - target: {fileID: 2924948798620742914, guid: cce7cc57046111845837fb817d87d28a, type: 3}
      propertyPath: m_FontData.m_FontSize
      value: 36
      objectReference: {fileID: 0}
    - target: {fileID: 2988380246577125657, guid: cce7cc57046111845837fb817d87d28a, type: 3}
      propertyPath: m_Sprite
      value: 
      objectReference: {fileID: 21300000, guid: 936e103dee548744793600adc35c97ef, type: 3}
    - target: {fileID: 3324033112733423717, guid: cce7cc57046111845837fb817d87d28a, type: 3}
      propertyPath: tutorialImages.Array.size
      value: 3
      objectReference: {fileID: 0}
    - target: {fileID: 3324033112733423717, guid: cce7cc57046111845837fb817d87d28a, type: 3}
      propertyPath: tutorialImages.Array.data[0]
      value: 
      objectReference: {fileID: 21300000, guid: a50301efb84aaac4daa3a853b4595237, type: 3}
    - target: {fileID: 3324033112733423717, guid: cce7cc57046111845837fb817d87d28a, type: 3}
      propertyPath: tutorialImages.Array.data[1]
      value: 
      objectReference: {fileID: 21300000, guid: 5e37752fe7e9bf74eb76759d1d20fe62, type: 3}
    - target: {fileID: 3324033112733423717, guid: cce7cc57046111845837fb817d87d28a, type: 3}
      propertyPath: tutorialImages.Array.data[2]
      value: 
      objectReference: {fileID: 21300000, guid: e87828000cb815c4fadb8f21a1c50f53, type: 3}
    - target: {fileID: 3324033112733423717, guid: cce7cc57046111845837fb817d87d28a, type: 3}
      propertyPath: tutorialImages.Array.data[3]
      value: 
      objectReference: {fileID: 21300000, guid: d83368ecf755b3b458dab76d254dd24c, type: 3}
    - target: {fileID: 3324033112733423717, guid: cce7cc57046111845837fb817d87d28a, type: 3}
      propertyPath: tutorialImages.Array.data[4]
      value: 
      objectReference: {fileID: 21300000, guid: 75aad4cd8cb774b4898542e5f2d6a203, type: 3}
    - target: {fileID: 3324033112733423717, guid: cce7cc57046111845837fb817d87d28a, type: 3}
      propertyPath: tutorialImages.Array.data[5]
      value: 
      objectReference: {fileID: 21300000, guid: 2b5ec840d6b656d47acf2f8e90de1197, type: 3}
    - target: {fileID: 3324033112733423717, guid: cce7cc57046111845837fb817d87d28a, type: 3}
      propertyPath: tutorialImages.Array.data[6]
      value: 
      objectReference: {fileID: 21300000, guid: 2c8edb67ea7c2dc4db984997eb6ee36f, type: 3}
    - target: {fileID: 3898897561017528934, guid: cce7cc57046111845837fb817d87d28a, type: 3}
      propertyPath: m_Colors.m_NormalColor.b
      value: 0
      objectReference: {fileID: 0}
    - target: {fileID: 3898897561017528934, guid: cce7cc57046111845837fb817d87d28a, type: 3}
      propertyPath: m_Colors.m_NormalColor.g
      value: 0
      objectReference: {fileID: 0}
    - target: {fileID: 3898897561017528934, guid: cce7cc57046111845837fb817d87d28a, type: 3}
      propertyPath: m_Colors.m_NormalColor.r
      value: 0
      objectReference: {fileID: 0}
    - target: {fileID: 3898897561017528934, guid: cce7cc57046111845837fb817d87d28a, type: 3}
      propertyPath: m_Colors.m_PressedColor.b
      value: 0.13333334
      objectReference: {fileID: 0}
    - target: {fileID: 3898897561017528934, guid: cce7cc57046111845837fb817d87d28a, type: 3}
      propertyPath: m_Colors.m_PressedColor.g
      value: 0.53333336
      objectReference: {fileID: 0}
    - target: {fileID: 3898897561017528934, guid: cce7cc57046111845837fb817d87d28a, type: 3}
      propertyPath: m_Colors.m_PressedColor.r
      value: 0.83921576
      objectReference: {fileID: 0}
    - target: {fileID: 3898897561017528934, guid: cce7cc57046111845837fb817d87d28a, type: 3}
      propertyPath: m_Colors.m_SelectedColor.b
      value: 0
      objectReference: {fileID: 0}
    - target: {fileID: 3898897561017528934, guid: cce7cc57046111845837fb817d87d28a, type: 3}
      propertyPath: m_Colors.m_SelectedColor.g
      value: 0
      objectReference: {fileID: 0}
    - target: {fileID: 3898897561017528934, guid: cce7cc57046111845837fb817d87d28a, type: 3}
      propertyPath: m_Colors.m_SelectedColor.r
      value: 0
      objectReference: {fileID: 0}
    - target: {fileID: 3898897561017528934, guid: cce7cc57046111845837fb817d87d28a, type: 3}
      propertyPath: m_Colors.m_HighlightedColor.b
      value: 0.15686275
      objectReference: {fileID: 0}
    - target: {fileID: 3898897561017528934, guid: cce7cc57046111845837fb817d87d28a, type: 3}
      propertyPath: m_Colors.m_HighlightedColor.g
      value: 0.6392157
      objectReference: {fileID: 0}
    - target: {fileID: 3898897561017528934, guid: cce7cc57046111845837fb817d87d28a, type: 3}
      propertyPath: m_Colors.m_HighlightedColor.r
      value: 0.9960785
      objectReference: {fileID: 0}
    - target: {fileID: 3898897561017528934, guid: cce7cc57046111845837fb817d87d28a, type: 3}
      propertyPath: m_OnClick.m_PersistentCalls.m_Calls.Array.data[0].m_Target
      value: 
      objectReference: {fileID: 0}
    - target: {fileID: 4045972706976599263, guid: cce7cc57046111845837fb817d87d28a, type: 3}
      propertyPath: m_SizeDelta.x
      value: 70
      objectReference: {fileID: 0}
    - target: {fileID: 4045972706976599263, guid: cce7cc57046111845837fb817d87d28a, type: 3}
      propertyPath: m_SizeDelta.y
      value: 70
      objectReference: {fileID: 0}
    - target: {fileID: 4411472470768410527, guid: cce7cc57046111845837fb817d87d28a, type: 3}
      propertyPath: m_fontAsset
      value: 
      objectReference: {fileID: 11400000, guid: ceb2dccc8b5ded54da1429f241ef1e21, type: 2}
    - target: {fileID: 4411472470768410527, guid: cce7cc57046111845837fb817d87d28a, type: 3}
      propertyPath: m_fontColor.b
      value: 1
      objectReference: {fileID: 0}
    - target: {fileID: 4411472470768410527, guid: cce7cc57046111845837fb817d87d28a, type: 3}
      propertyPath: m_fontColor.g
      value: 1
      objectReference: {fileID: 0}
    - target: {fileID: 4411472470768410527, guid: cce7cc57046111845837fb817d87d28a, type: 3}
      propertyPath: m_fontColor.r
      value: 1
      objectReference: {fileID: 0}
    - target: {fileID: 4411472470768410527, guid: cce7cc57046111845837fb817d87d28a, type: 3}
      propertyPath: m_sharedMaterial
      value: 
      objectReference: {fileID: 8415840009594087082, guid: ceb2dccc8b5ded54da1429f241ef1e21, type: 2}
    - target: {fileID: 4411472470768410527, guid: cce7cc57046111845837fb817d87d28a, type: 3}
      propertyPath: m_fontColor32.rgba
      value: 4294967295
      objectReference: {fileID: 0}
    - target: {fileID: 5180488066527885896, guid: cce7cc57046111845837fb817d87d28a, type: 3}
      propertyPath: m_Name
      value: FactBoard
      objectReference: {fileID: 0}
    - target: {fileID: 5180488066527885896, guid: cce7cc57046111845837fb817d87d28a, type: 3}
      propertyPath: m_IsActive
      value: 1
      objectReference: {fileID: 0}
    - target: {fileID: 5486258579248587006, guid: cce7cc57046111845837fb817d87d28a, type: 3}
      propertyPath: m_Pivot.x
      value: 0
      objectReference: {fileID: 0}
    - target: {fileID: 5486258579248587006, guid: cce7cc57046111845837fb817d87d28a, type: 3}
      propertyPath: m_Pivot.y
      value: 0
      objectReference: {fileID: 0}
    - target: {fileID: 5486258579248587006, guid: cce7cc57046111845837fb817d87d28a, type: 3}
      propertyPath: m_RootOrder
      value: 0
      objectReference: {fileID: 0}
    - target: {fileID: 5486258579248587006, guid: cce7cc57046111845837fb817d87d28a, type: 3}
      propertyPath: m_AnchorMax.x
      value: 0
      objectReference: {fileID: 0}
    - target: {fileID: 5486258579248587006, guid: cce7cc57046111845837fb817d87d28a, type: 3}
      propertyPath: m_AnchorMax.y
      value: 0
      objectReference: {fileID: 0}
    - target: {fileID: 5486258579248587006, guid: cce7cc57046111845837fb817d87d28a, type: 3}
      propertyPath: m_AnchorMin.x
      value: 0
      objectReference: {fileID: 0}
    - target: {fileID: 5486258579248587006, guid: cce7cc57046111845837fb817d87d28a, type: 3}
      propertyPath: m_AnchorMin.y
      value: 0
      objectReference: {fileID: 0}
    - target: {fileID: 5486258579248587006, guid: cce7cc57046111845837fb817d87d28a, type: 3}
      propertyPath: m_SizeDelta.x
      value: 0
      objectReference: {fileID: 0}
    - target: {fileID: 5486258579248587006, guid: cce7cc57046111845837fb817d87d28a, type: 3}
      propertyPath: m_SizeDelta.y
      value: 0
      objectReference: {fileID: 0}
    - target: {fileID: 5486258579248587006, guid: cce7cc57046111845837fb817d87d28a, type: 3}
      propertyPath: m_LocalPosition.x
      value: 0
      objectReference: {fileID: 0}
    - target: {fileID: 5486258579248587006, guid: cce7cc57046111845837fb817d87d28a, type: 3}
      propertyPath: m_LocalPosition.y
      value: 0
      objectReference: {fileID: 0}
    - target: {fileID: 5486258579248587006, guid: cce7cc57046111845837fb817d87d28a, type: 3}
      propertyPath: m_LocalPosition.z
      value: 0
      objectReference: {fileID: 0}
    - target: {fileID: 5486258579248587006, guid: cce7cc57046111845837fb817d87d28a, type: 3}
      propertyPath: m_LocalRotation.w
      value: 1
      objectReference: {fileID: 0}
    - target: {fileID: 5486258579248587006, guid: cce7cc57046111845837fb817d87d28a, type: 3}
      propertyPath: m_LocalRotation.x
      value: 0
      objectReference: {fileID: 0}
    - target: {fileID: 5486258579248587006, guid: cce7cc57046111845837fb817d87d28a, type: 3}
      propertyPath: m_LocalRotation.y
      value: 0
      objectReference: {fileID: 0}
    - target: {fileID: 5486258579248587006, guid: cce7cc57046111845837fb817d87d28a, type: 3}
      propertyPath: m_LocalRotation.z
      value: 0
      objectReference: {fileID: 0}
    - target: {fileID: 5486258579248587006, guid: cce7cc57046111845837fb817d87d28a, type: 3}
      propertyPath: m_AnchoredPosition.x
      value: 0
      objectReference: {fileID: 0}
    - target: {fileID: 5486258579248587006, guid: cce7cc57046111845837fb817d87d28a, type: 3}
      propertyPath: m_AnchoredPosition.y
      value: 0
      objectReference: {fileID: 0}
    - target: {fileID: 5486258579248587006, guid: cce7cc57046111845837fb817d87d28a, type: 3}
      propertyPath: m_LocalEulerAnglesHint.x
      value: 0
      objectReference: {fileID: 0}
    - target: {fileID: 5486258579248587006, guid: cce7cc57046111845837fb817d87d28a, type: 3}
      propertyPath: m_LocalEulerAnglesHint.y
      value: 0
      objectReference: {fileID: 0}
    - target: {fileID: 5486258579248587006, guid: cce7cc57046111845837fb817d87d28a, type: 3}
      propertyPath: m_LocalEulerAnglesHint.z
      value: 0
      objectReference: {fileID: 0}
    - target: {fileID: 5585431181289691410, guid: cce7cc57046111845837fb817d87d28a, type: 3}
      propertyPath: m_SizeDelta.x
      value: 70
      objectReference: {fileID: 0}
    - target: {fileID: 5585431181289691410, guid: cce7cc57046111845837fb817d87d28a, type: 3}
      propertyPath: m_SizeDelta.y
      value: 70
      objectReference: {fileID: 0}
    - target: {fileID: 5784917104389809126, guid: cce7cc57046111845837fb817d87d28a, type: 3}
      propertyPath: m_OnClick.m_PersistentCalls.m_Calls.Array.data[0].m_Mode
      value: 3
      objectReference: {fileID: 0}
    - target: {fileID: 5784917104389809126, guid: cce7cc57046111845837fb817d87d28a, type: 3}
      propertyPath: m_OnClick.m_PersistentCalls.m_Calls.Array.data[0].m_Target
      value: 
      objectReference: {fileID: 606010784300254700}
    - target: {fileID: 5784917104389809126, guid: cce7cc57046111845837fb817d87d28a, type: 3}
      propertyPath: m_OnClick.m_PersistentCalls.m_Calls.Array.data[0].m_MethodName
      value: MovePage
      objectReference: {fileID: 0}
    - target: {fileID: 5784917104389809126, guid: cce7cc57046111845837fb817d87d28a, type: 3}
      propertyPath: m_OnClick.m_PersistentCalls.m_Calls.Array.data[0].m_TargetAssemblyTypeName
      value: FactBoardPanel, Assembly-CSharp
      objectReference: {fileID: 0}
    - target: {fileID: 5851993589973151263, guid: cce7cc57046111845837fb817d87d28a, type: 3}
      propertyPath: m_SpriteState.m_HighlightedSprite
      value: 
      objectReference: {fileID: 21300000, guid: 8b7ad200fda328e4c95f3f8c024e588d, type: 3}
    - target: {fileID: 5851993589973151263, guid: cce7cc57046111845837fb817d87d28a, type: 3}
      propertyPath: m_OnClick.m_PersistentCalls.m_Calls.Array.data[0].m_Mode
      value: 1
      objectReference: {fileID: 0}
    - target: {fileID: 5851993589973151263, guid: cce7cc57046111845837fb817d87d28a, type: 3}
      propertyPath: m_OnClick.m_PersistentCalls.m_Calls.Array.data[0].m_Target
      value: 
      objectReference: {fileID: 606010784300254700}
    - target: {fileID: 5851993589973151263, guid: cce7cc57046111845837fb817d87d28a, type: 3}
      propertyPath: m_OnClick.m_PersistentCalls.m_Calls.Array.data[0].m_MethodName
      value: ExitFactboard
      objectReference: {fileID: 0}
    - target: {fileID: 5851993589973151263, guid: cce7cc57046111845837fb817d87d28a, type: 3}
      propertyPath: m_OnClick.m_PersistentCalls.m_Calls.Array.data[0].m_TargetAssemblyTypeName
      value: FactBoardPanel, Assembly-CSharp
      objectReference: {fileID: 0}
    - target: {fileID: 5932346631371915554, guid: cce7cc57046111845837fb817d87d28a, type: 3}
      propertyPath: m_Text
      value: <
      objectReference: {fileID: 0}
    - target: {fileID: 5932346631371915554, guid: cce7cc57046111845837fb817d87d28a, type: 3}
      propertyPath: m_FontData.m_FontSize
      value: 36
      objectReference: {fileID: 0}
    - target: {fileID: 5946130166851658965, guid: cce7cc57046111845837fb817d87d28a, type: 3}
      propertyPath: m_SizeDelta.x
      value: 1600
      objectReference: {fileID: 0}
    - target: {fileID: 5946130166851658965, guid: cce7cc57046111845837fb817d87d28a, type: 3}
      propertyPath: m_SizeDelta.y
      value: 900
      objectReference: {fileID: 0}
    - target: {fileID: 5946130166851658965, guid: cce7cc57046111845837fb817d87d28a, type: 3}
      propertyPath: m_AnchoredPosition.x
      value: 0
      objectReference: {fileID: 0}
    - target: {fileID: 5946130166851658965, guid: cce7cc57046111845837fb817d87d28a, type: 3}
      propertyPath: m_AnchoredPosition.y
      value: 0
      objectReference: {fileID: 0}
    - target: {fileID: 6201274185952831418, guid: cce7cc57046111845837fb817d87d28a, type: 3}
      propertyPath: m_IsActive
      value: 0
      objectReference: {fileID: 0}
    - target: {fileID: 6257800490124270020, guid: cce7cc57046111845837fb817d87d28a, type: 3}
      propertyPath: m_Name
      value: Exit
      objectReference: {fileID: 0}
    - target: {fileID: 6257800490124270020, guid: cce7cc57046111845837fb817d87d28a, type: 3}
      propertyPath: m_IsActive
      value: 1
      objectReference: {fileID: 0}
    - target: {fileID: 6323508693152488678, guid: cce7cc57046111845837fb817d87d28a, type: 3}
      propertyPath: m_Color.a
      value: 1
      objectReference: {fileID: 0}
    - target: {fileID: 6680932631584603002, guid: cce7cc57046111845837fb817d87d28a, type: 3}
      propertyPath: m_SizeDelta.x
      value: 260.6013
      objectReference: {fileID: 0}
    - target: {fileID: 6680932631584603002, guid: cce7cc57046111845837fb817d87d28a, type: 3}
      propertyPath: m_SizeDelta.y
      value: 72.389
      objectReference: {fileID: 0}
    - target: {fileID: 6680932631584603002, guid: cce7cc57046111845837fb817d87d28a, type: 3}
      propertyPath: m_AnchoredPosition.x
      value: 40.3007
      objectReference: {fileID: 0}
    - target: {fileID: 6680932631584603002, guid: cce7cc57046111845837fb817d87d28a, type: 3}
      propertyPath: m_AnchoredPosition.y
      value: -45
      objectReference: {fileID: 0}
    - target: {fileID: 7440250614048065683, guid: cce7cc57046111845837fb817d87d28a, type: 3}
      propertyPath: m_fontAsset
      value: 
      objectReference: {fileID: 11400000, guid: ceb2dccc8b5ded54da1429f241ef1e21, type: 2}
    - target: {fileID: 7440250614048065683, guid: cce7cc57046111845837fb817d87d28a, type: 3}
      propertyPath: m_fontColor.b
      value: 1
      objectReference: {fileID: 0}
    - target: {fileID: 7440250614048065683, guid: cce7cc57046111845837fb817d87d28a, type: 3}
      propertyPath: m_fontColor.g
      value: 1
      objectReference: {fileID: 0}
    - target: {fileID: 7440250614048065683, guid: cce7cc57046111845837fb817d87d28a, type: 3}
      propertyPath: m_fontColor.r
      value: 1
      objectReference: {fileID: 0}
    - target: {fileID: 7440250614048065683, guid: cce7cc57046111845837fb817d87d28a, type: 3}
      propertyPath: m_sharedMaterial
      value: 
      objectReference: {fileID: 8415840009594087082, guid: ceb2dccc8b5ded54da1429f241ef1e21, type: 2}
    - target: {fileID: 7440250614048065683, guid: cce7cc57046111845837fb817d87d28a, type: 3}
      propertyPath: m_fontColor32.rgba
      value: 4294967295
      objectReference: {fileID: 0}
    - target: {fileID: 8181764863338176301, guid: cce7cc57046111845837fb817d87d28a, type: 3}
      propertyPath: image
      value: 
      objectReference: {fileID: 5808324465733960664}
    - target: {fileID: 8181764863338176301, guid: cce7cc57046111845837fb817d87d28a, type: 3}
      propertyPath: listPanel
      value: 
      objectReference: {fileID: 8557837397736921901}
    - target: {fileID: 8181764863338176301, guid: cce7cc57046111845837fb817d87d28a, type: 3}
      propertyPath: NextButton
      value: 
      objectReference: {fileID: 3675134620216429143}
    - target: {fileID: 8181764863338176301, guid: cce7cc57046111845837fb817d87d28a, type: 3}
      propertyPath: backButton
      value: 
      objectReference: {fileID: 9206015340552525414}
    - target: {fileID: 8181764863338176301, guid: cce7cc57046111845837fb817d87d28a, type: 3}
      propertyPath: lockedFacts
      value: 
      objectReference: {fileID: 21300000, guid: f36e400f173af7d4ebb40f11d1246136, type: 3}
    - target: {fileID: 8181764863338176301, guid: cce7cc57046111845837fb817d87d28a, type: 3}
      propertyPath: BossAFacts.x
      value: 1
      objectReference: {fileID: 0}
    - target: {fileID: 8181764863338176301, guid: cce7cc57046111845837fb817d87d28a, type: 3}
      propertyPath: BossBFacts.x
      value: 2
      objectReference: {fileID: 0}
    - target: {fileID: 8181764863338176301, guid: cce7cc57046111845837fb817d87d28a, type: 3}
      propertyPath: ButtonPrefab
      value: 
      objectReference: {fileID: 2982289144996632650, guid: 06818bc9a57b7d849b183bbbea0c2ceb, type: 3}
    - target: {fileID: 8181764863338176301, guid: cce7cc57046111845837fb817d87d28a, type: 3}
      propertyPath: BossAFacts.name
      value: boss a
      objectReference: {fileID: 0}
    - target: {fileID: 8181764863338176301, guid: cce7cc57046111845837fb817d87d28a, type: 3}
      propertyPath: BossBFacts.name
      value: nerd facts
      objectReference: {fileID: 0}
    - target: {fileID: 8181764863338176301, guid: cce7cc57046111845837fb817d87d28a, type: 3}
      propertyPath: facts.Array.size
      value: 6
      objectReference: {fileID: 0}
    - target: {fileID: 8181764863338176301, guid: cce7cc57046111845837fb817d87d28a, type: 3}
      propertyPath: facts.Array.data[1].x
      value: 2
      objectReference: {fileID: 0}
    - target: {fileID: 8181764863338176301, guid: cce7cc57046111845837fb817d87d28a, type: 3}
      propertyPath: facts.Array.data[3].x
      value: 2
      objectReference: {fileID: 0}
    - target: {fileID: 8181764863338176301, guid: cce7cc57046111845837fb817d87d28a, type: 3}
      propertyPath: facts.Array.data[4].x
      value: 2
      objectReference: {fileID: 0}
    - target: {fileID: 8181764863338176301, guid: cce7cc57046111845837fb817d87d28a, type: 3}
      propertyPath: facts.Array.data[5].x
      value: 2
      objectReference: {fileID: 0}
    - target: {fileID: 8181764863338176301, guid: cce7cc57046111845837fb817d87d28a, type: 3}
      propertyPath: facts.Array.data[0].name
      value: A
      objectReference: {fileID: 0}
    - target: {fileID: 8181764863338176301, guid: cce7cc57046111845837fb817d87d28a, type: 3}
      propertyPath: facts.Array.data[1].name
      value: B
      objectReference: {fileID: 0}
    - target: {fileID: 8181764863338176301, guid: cce7cc57046111845837fb817d87d28a, type: 3}
      propertyPath: facts.Array.data[2].name
      value: C
      objectReference: {fileID: 0}
    - target: {fileID: 8181764863338176301, guid: cce7cc57046111845837fb817d87d28a, type: 3}
      propertyPath: facts.Array.data[3].name
      value: D
      objectReference: {fileID: 0}
    - target: {fileID: 8181764863338176301, guid: cce7cc57046111845837fb817d87d28a, type: 3}
      propertyPath: facts.Array.data[4].name
      value: E
      objectReference: {fileID: 0}
    - target: {fileID: 8181764863338176301, guid: cce7cc57046111845837fb817d87d28a, type: 3}
      propertyPath: facts.Array.data[5].name
      value: F
      objectReference: {fileID: 0}
    - target: {fileID: 8181764863338176301, guid: cce7cc57046111845837fb817d87d28a, type: 3}
      propertyPath: CurrentSprites.Array.size
      value: 1
      objectReference: {fileID: 0}
    - target: {fileID: 8181764863338176301, guid: cce7cc57046111845837fb817d87d28a, type: 3}
      propertyPath: CurrentSprites.Array.data[0]
      value: 
      objectReference: {fileID: 21300000, guid: 936e103dee548744793600adc35c97ef, type: 3}
    - target: {fileID: 8181764863338176301, guid: cce7cc57046111845837fb817d87d28a, type: 3}
      propertyPath: BossAFacts.sprites.Array.size
      value: 3
      objectReference: {fileID: 0}
    - target: {fileID: 8181764863338176301, guid: cce7cc57046111845837fb817d87d28a, type: 3}
      propertyPath: BossBFacts.sprites.Array.size
      value: 3
      objectReference: {fileID: 0}
    - target: {fileID: 8181764863338176301, guid: cce7cc57046111845837fb817d87d28a, type: 3}
      propertyPath: BossAFacts.sprites.Array.data[0]
      value: 
      objectReference: {fileID: 21300000, guid: a50301efb84aaac4daa3a853b4595237, type: 3}
    - target: {fileID: 8181764863338176301, guid: cce7cc57046111845837fb817d87d28a, type: 3}
      propertyPath: BossAFacts.sprites.Array.data[1]
      value: 
      objectReference: {fileID: 21300000, guid: 8e7196ec81240334190efce321d188a7, type: 3}
    - target: {fileID: 8181764863338176301, guid: cce7cc57046111845837fb817d87d28a, type: 3}
      propertyPath: BossAFacts.sprites.Array.data[2]
      value: 
      objectReference: {fileID: 21300000, guid: 5e37752fe7e9bf74eb76759d1d20fe62, type: 3}
    - target: {fileID: 8181764863338176301, guid: cce7cc57046111845837fb817d87d28a, type: 3}
      propertyPath: BossBFacts.sprites.Array.data[0]
      value: 
      objectReference: {fileID: 21300000, guid: e87828000cb815c4fadb8f21a1c50f53, type: 3}
    - target: {fileID: 8181764863338176301, guid: cce7cc57046111845837fb817d87d28a, type: 3}
      propertyPath: BossBFacts.sprites.Array.data[1]
      value: 
      objectReference: {fileID: 21300000, guid: 8e7196ec81240334190efce321d188a7, type: 3}
    - target: {fileID: 8181764863338176301, guid: cce7cc57046111845837fb817d87d28a, type: 3}
      propertyPath: BossBFacts.sprites.Array.data[2]
      value: 
      objectReference: {fileID: 21300000, guid: 8e7196ec81240334190efce321d188a7, type: 3}
    - target: {fileID: 8181764863338176301, guid: cce7cc57046111845837fb817d87d28a, type: 3}
      propertyPath: facts.Array.data[0].sprites.Array.size
      value: 1
      objectReference: {fileID: 0}
    - target: {fileID: 8181764863338176301, guid: cce7cc57046111845837fb817d87d28a, type: 3}
      propertyPath: facts.Array.data[1].sprites.Array.size
      value: 1
      objectReference: {fileID: 0}
    - target: {fileID: 8181764863338176301, guid: cce7cc57046111845837fb817d87d28a, type: 3}
      propertyPath: facts.Array.data[2].sprites.Array.size
      value: 1
      objectReference: {fileID: 0}
    - target: {fileID: 8181764863338176301, guid: cce7cc57046111845837fb817d87d28a, type: 3}
      propertyPath: facts.Array.data[3].sprites.Array.size
      value: 1
      objectReference: {fileID: 0}
    - target: {fileID: 8181764863338176301, guid: cce7cc57046111845837fb817d87d28a, type: 3}
      propertyPath: facts.Array.data[4].sprites.Array.size
      value: 1
      objectReference: {fileID: 0}
    - target: {fileID: 8181764863338176301, guid: cce7cc57046111845837fb817d87d28a, type: 3}
      propertyPath: facts.Array.data[5].sprites.Array.size
      value: 1
      objectReference: {fileID: 0}
    - target: {fileID: 8181764863338176301, guid: cce7cc57046111845837fb817d87d28a, type: 3}
      propertyPath: facts.Array.data[0].sprites.Array.data[0]
      value: 
      objectReference: {fileID: 21300000, guid: 936e103dee548744793600adc35c97ef, type: 3}
    - target: {fileID: 8181764863338176301, guid: cce7cc57046111845837fb817d87d28a, type: 3}
      propertyPath: facts.Array.data[0].sprites.Array.data[1]
      value: 
      objectReference: {fileID: 21300000, guid: f54a9a1fe87678746b45e4a10d83ef45, type: 3}
    - target: {fileID: 8181764863338176301, guid: cce7cc57046111845837fb817d87d28a, type: 3}
      propertyPath: facts.Array.data[1].sprites.Array.data[0]
      value: 
      objectReference: {fileID: 21300000, guid: 2fdb3dfd0212d5a459d9a541237dfc6d, type: 3}
    - target: {fileID: 8181764863338176301, guid: cce7cc57046111845837fb817d87d28a, type: 3}
      propertyPath: facts.Array.data[1].sprites.Array.data[1]
      value: 
      objectReference: {fileID: 21300000, guid: e87828000cb815c4fadb8f21a1c50f53, type: 3}
    - target: {fileID: 8181764863338176301, guid: cce7cc57046111845837fb817d87d28a, type: 3}
      propertyPath: facts.Array.data[2].sprites.Array.data[0]
      value: 
      objectReference: {fileID: 21300000, guid: 584ddff5add297b42840f503b71045db, type: 3}
    - target: {fileID: 8181764863338176301, guid: cce7cc57046111845837fb817d87d28a, type: 3}
      propertyPath: facts.Array.data[2].sprites.Array.data[1]
      value: 
      objectReference: {fileID: 21300000, guid: f12c2ef11b11be349a7be45899e5bda8, type: 3}
    - target: {fileID: 8181764863338176301, guid: cce7cc57046111845837fb817d87d28a, type: 3}
      propertyPath: facts.Array.data[3].sprites.Array.data[0]
      value: 
      objectReference: {fileID: 21300000, guid: cdf8ecbdf2b67984981c7842e191d2b2, type: 3}
    - target: {fileID: 8181764863338176301, guid: cce7cc57046111845837fb817d87d28a, type: 3}
      propertyPath: facts.Array.data[3].sprites.Array.data[1]
      value: 
      objectReference: {fileID: 21300000, guid: 5d6d9a046f6d05542ae6097aafa27a7e, type: 3}
    - target: {fileID: 8181764863338176301, guid: cce7cc57046111845837fb817d87d28a, type: 3}
      propertyPath: facts.Array.data[4].sprites.Array.data[0]
      value: 
      objectReference: {fileID: 21300000, guid: 24267e797a4f6244ea5bf06064fb15b6, type: 3}
    - target: {fileID: 8181764863338176301, guid: cce7cc57046111845837fb817d87d28a, type: 3}
      propertyPath: facts.Array.data[4].sprites.Array.data[1]
      value: 
      objectReference: {fileID: 21300000, guid: 3e0ef104365a75740b6ab1c97852490e, type: 3}
    - target: {fileID: 8181764863338176301, guid: cce7cc57046111845837fb817d87d28a, type: 3}
      propertyPath: facts.Array.data[5].sprites.Array.data[0]
      value: 
      objectReference: {fileID: 21300000, guid: 431afc71be8e7ff48acdf8302ae95c21, type: 3}
    - target: {fileID: 8181764863338176301, guid: cce7cc57046111845837fb817d87d28a, type: 3}
      propertyPath: facts.Array.data[5].sprites.Array.data[1]
      value: 
      objectReference: {fileID: 21300000, guid: dd92ed03bb826dc419e4fbf03c5318d5, type: 3}
    - target: {fileID: 8409540738794962615, guid: cce7cc57046111845837fb817d87d28a, type: 3}
      propertyPath: m_Colors.m_NormalColor.b
      value: 0
      objectReference: {fileID: 0}
    - target: {fileID: 8409540738794962615, guid: cce7cc57046111845837fb817d87d28a, type: 3}
      propertyPath: m_Colors.m_NormalColor.g
      value: 0
      objectReference: {fileID: 0}
    - target: {fileID: 8409540738794962615, guid: cce7cc57046111845837fb817d87d28a, type: 3}
      propertyPath: m_Colors.m_NormalColor.r
      value: 0
      objectReference: {fileID: 0}
    - target: {fileID: 8409540738794962615, guid: cce7cc57046111845837fb817d87d28a, type: 3}
      propertyPath: m_Colors.m_PressedColor.b
      value: 0.13333334
      objectReference: {fileID: 0}
    - target: {fileID: 8409540738794962615, guid: cce7cc57046111845837fb817d87d28a, type: 3}
      propertyPath: m_Colors.m_PressedColor.g
      value: 0.53333336
      objectReference: {fileID: 0}
    - target: {fileID: 8409540738794962615, guid: cce7cc57046111845837fb817d87d28a, type: 3}
      propertyPath: m_Colors.m_PressedColor.r
      value: 0.83921576
      objectReference: {fileID: 0}
    - target: {fileID: 8409540738794962615, guid: cce7cc57046111845837fb817d87d28a, type: 3}
      propertyPath: m_Colors.m_SelectedColor.b
      value: 0
      objectReference: {fileID: 0}
    - target: {fileID: 8409540738794962615, guid: cce7cc57046111845837fb817d87d28a, type: 3}
      propertyPath: m_Colors.m_SelectedColor.g
      value: 0
      objectReference: {fileID: 0}
    - target: {fileID: 8409540738794962615, guid: cce7cc57046111845837fb817d87d28a, type: 3}
      propertyPath: m_Colors.m_SelectedColor.r
      value: 0
      objectReference: {fileID: 0}
    - target: {fileID: 8409540738794962615, guid: cce7cc57046111845837fb817d87d28a, type: 3}
      propertyPath: m_Colors.m_HighlightedColor.b
      value: 0.15686275
      objectReference: {fileID: 0}
    - target: {fileID: 8409540738794962615, guid: cce7cc57046111845837fb817d87d28a, type: 3}
      propertyPath: m_Colors.m_HighlightedColor.g
      value: 0.6392157
      objectReference: {fileID: 0}
    - target: {fileID: 8409540738794962615, guid: cce7cc57046111845837fb817d87d28a, type: 3}
      propertyPath: m_Colors.m_HighlightedColor.r
      value: 0.9960785
      objectReference: {fileID: 0}
    - target: {fileID: 8409540738794962615, guid: cce7cc57046111845837fb817d87d28a, type: 3}
      propertyPath: m_OnClick.m_PersistentCalls.m_Calls.Array.data[0].m_Target
      value: 
      objectReference: {fileID: 0}
    m_RemovedComponents:
    - {fileID: 3324033112733423717, guid: cce7cc57046111845837fb817d87d28a, type: 3}
    m_AddedGameObjects:
    - targetCorrespondingSourceObject: {fileID: 5486258579248587006, guid: cce7cc57046111845837fb817d87d28a, type: 3}
      insertIndex: 0
      addedObject: {fileID: 6690654241288195268}
    - targetCorrespondingSourceObject: {fileID: 5486258579248587006, guid: cce7cc57046111845837fb817d87d28a, type: 3}
      insertIndex: -1
      addedObject: {fileID: 5526178397881745375}
  m_SourcePrefab: {fileID: 100100000, guid: cce7cc57046111845837fb817d87d28a, type: 3}
--- !u!114 &606010784300254700 stripped
MonoBehaviour:
  m_CorrespondingSourceObject: {fileID: 8181764863338176301, guid: cce7cc57046111845837fb817d87d28a, type: 3}
  m_PrefabInstance: {fileID: 8783017989152611009}
  m_PrefabAsset: {fileID: 0}
  m_GameObject: {fileID: 0}
  m_Enabled: 1
  m_EditorHideFlags: 0
  m_Script: {fileID: 11500000, guid: f1c8211af0eaa5b46bf4b5ece032e681, type: 3}
  m_Name: 
  m_EditorClassIdentifier: 
--- !u!1 &3675134620216429143 stripped
GameObject:
  m_CorrespondingSourceObject: {fileID: 5396226204534771862, guid: cce7cc57046111845837fb817d87d28a, type: 3}
  m_PrefabInstance: {fileID: 8783017989152611009}
  m_PrefabAsset: {fileID: 0}
--- !u!224 &3873262048876149311 stripped
RectTransform:
  m_CorrespondingSourceObject: {fileID: 5486258579248587006, guid: cce7cc57046111845837fb817d87d28a, type: 3}
  m_PrefabInstance: {fileID: 8783017989152611009}
  m_PrefabAsset: {fileID: 0}
--- !u!114 &5808324465733960664 stripped
MonoBehaviour:
  m_CorrespondingSourceObject: {fileID: 2988380246577125657, guid: cce7cc57046111845837fb817d87d28a, type: 3}
  m_PrefabInstance: {fileID: 8783017989152611009}
  m_PrefabAsset: {fileID: 0}
  m_GameObject: {fileID: 0}
  m_Enabled: 1
  m_EditorHideFlags: 0
  m_Script: {fileID: 11500000, guid: fe87c0e1cc204ed48ad3b37840f39efc, type: 3}
  m_Name: 
  m_EditorClassIdentifier: 
--- !u!1 &9206015340552525414 stripped
GameObject:
  m_CorrespondingSourceObject: {fileID: 441874475728800935, guid: cce7cc57046111845837fb817d87d28a, type: 3}
  m_PrefabInstance: {fileID: 8783017989152611009}
  m_PrefabAsset: {fileID: 0}
